% -*- coding: utf-8 -*-

@article{blei2003latent,
  title={Latent dirichlet allocation},
  author={Blei, David M and Ng, Andrew Y and Jordan, Michael I},
  journal={the Journal of machine Learning research},
  volume={3},
  pages={993--1022},
  year={2003},
  publisher={JMLR. org}
}

@unpublished{Goodfellow-et-al-2016-Book,
    title={Deep Learning},
    author={Ian Goodfellow and Yoshua Bengio and Aaron Courville},
    note={Book in preparation for MIT Press},
    url={http://goodfeli.github.io/dlbook/},
    year={2016}
}

@article{deng2014deep,
  title={Deep learning: Methods and applications},
  author={Deng, Li and Yu, Dong},
  journal={Foundations and Trends in Signal Processing},
  volume={7},
  number={3--4},
  pages={197--387},
  year={2014},
  publisher={Now Publishers Inc.}
}

