% -*- coding: utf-8 -*-

@article{blei2003latent,
  title={Latent dirichlet allocation},
  author={Blei, David M and Ng, Andrew Y and Jordan, Michael I},
  journal={the Journal of machine Learning research},
  volume={3},
  pages={993--1022},
  year={2003},
  publisher={JMLR. org}
}

@inproceedings{bengio2003neural,
  title={A Neural Probabilistic Language Model},
  author={Bengio, Yoshua and Ducharme, R{\'e}jean and Vincent, Pascal and Jauvin, Christian},
  booktitle={JOURNAL OF MACHINE LEARNING RESEARCH},
  year={2003}
}

@article{mikolov2013efficient,
  title={Efficient estimation of word representations in vector space},
  author={Mikolov, Tomas and Chen, Kai and Corrado, Greg and Dean, Jeffrey},
  journal={arXiv preprint arXiv:1301.3781},
  year={2013}
}

@inproceedings{mikolov2013distributed,
  title={Distributed representations of words and phrases and their compositionality},
  author={Mikolov, Tomas and Sutskever, Ilya and Chen, Kai and Corrado, Greg S and Dean, Jeff},
  booktitle={Advances in neural information processing systems},
  pages={3111--3119},
  year={2013}
}

@inproceedings{mikolov2013linguistic,
  title={Linguistic Regularities in Continuous Space Word Representations.},
  author={Mikolov, Tomas and Yih, Wen-tau and Zweig, Geoffrey},
  booktitle={HLT-NAACL},
  pages={746--751},
  year={2013}
}

@inproceedings{socher2011dynamic,
  title={Dynamic pooling and unfolding recursive autoencoders for paraphrase detection},
  author={Socher, Richard and Huang, Eric H and Pennin, Jeffrey and Manning, Christopher D and Ng, Andrew Y},
  booktitle={Advances in Neural Information Processing Systems},
  pages={801--809},
  year={2011}
}

@article{le2014distributed,
  title={Distributed representations of sentences and documents},
  author={Le, Quoc V and Mikolov, Tomas},
  journal={arXiv preprint arXiv:1405.4053},
  year={2014}
}

@unpublished{Goodfellow-et-al-2016-Book,
    title={Deep Learning},
    author={Ian Goodfellow and Yoshua Bengio and Aaron Courville},
    note={Book in preparation for MIT Press},
    url={http://goodfeli.github.io/dlbook/},
    year={2016}
}

@article{deng2014deep,
  title={Deep learning: Methods and applications},
  author={Deng, Li and Yu, Dong},
  journal={Foundations and Trends in Signal Processing},
  volume={7},
  number={3--4},
  pages={197--387},
  year={2014},
  publisher={Now Publishers Inc.}
}

@article{harris1954distributional,
  title={Distributional structure},
  author={Harris, Zellig S},
  journal={Word},
  volume={10},
  number={2-3},
  pages={146--162},
  year={1954},
  publisher={Taylor \& Francis}
}

@inproceedings{collobert2008unified,
  title={A unified architecture for natural language processing: Deep neural networks with multitask learning},
  author={Collobert, Ronan and Weston, Jason},
  booktitle={Proceedings of the 25th international conference on Machine learning},
  pages={160--167},
  year={2008},
  organization={ACM}
}

@inproceedings{chiang2005hierarchical,
  title={A hierarchical phrase-based model for statistical machine translation},
  author={Chiang, David},
  booktitle={Proceedings of the 43rd Annual Meeting on Association for Computational Linguistics},
  pages={263--270},
  year={2005},
  organization={Association for Computational Linguistics}
}

@article{lafferty2001conditional,
  title={Conditional random fields: Probabilistic models for segmenting and labeling sequence data},
  author={Lafferty, John and McCallum, Andrew and Pereira, Fernando CN},
  year={2001}
}

@inproceedings{zhao2006improved,
  title={An improved Chinese word segmentation system with conditional random field},
  author={Zhao, Hai and Huang, Chang-Ning and Li, Mu},
  booktitle={Proceedings of the Fifth SIGHAN Workshop on Chinese Language Processing},
  volume={1082117},
  year={2006},
  organization={Sydney: July}
}

@inproceedings{lee2009convolutional,
  title={Convolutional deep belief networks for scalable unsupervised learning of hierarchical representations},
  author={Lee, Honglak and Grosse, Roger and Ranganath, Rajesh and Ng, Andrew Y},
  booktitle={Proceedings of the 26th Annual International Conference on Machine Learning},
  pages={609--616},
  year={2009},
  organization={ACM}
}
@inproceedings{lee2009unsupervised,
  title={Unsupervised feature learning for audio classification using convolutional deep belief networks},
  author={Lee, Honglak and Pham, Peter and Largman, Yan and Ng, Andrew Y},
  booktitle={Advances in neural information processing systems},
  pages={1096--1104},
  year={2009}
}

@article{hinton2006reducing,
  title={Reducing the dimensionality of data with neural networks},
  author={Hinton, Geoffrey E and Salakhutdinov, Ruslan R},
  journal={Science},
  volume={313},
  number={5786},
  pages={504--507},
  year={2006},
  publisher={American Association for the Advancement of Science}
}

@article{zhang2010understanding,
  title={Understanding bag-of-words model: a statistical framework},
  author={Zhang, Yin and Jin, Rong and Zhou, Zhi-Hua},
  journal={International Journal of Machine Learning and Cybernetics},
  volume={1},
  number={1-4},
  pages={43--52},
  year={2010},
  publisher={Springer}
}

@inproceedings{hofmann1999probabilistic,
  title={Probabilistic latent semantic indexing},
  author={Hofmann, Thomas},
  booktitle={Proceedings of the 22nd annual international ACM SIGIR conference on Research and development in information retrieval},
  pages={50--57},
  year={1999},
  organization={ACM}
}

@article{landauer1998introduction,
  title={An introduction to latent semantic analysis},
  author={Landauer, Thomas K and Foltz, Peter W and Laham, Darrell},
  journal={Discourse processes},
  volume={25},
  number={2-3},
  pages={259--284},
  year={1998},
  publisher={Taylor \& Francis}
}

@article{salton1986introduction,
  title={Introduction to modern information retrieval},
  author={Salton, Gerard and McGill, Michael J},
  year={1986},
  publisher={McGraw-Hill, Inc.}
}

@inproceedings{tang2014coooolll,
  title={Coooolll: A deep learning system for Twitter sentiment classification},
  author={Tang, Duyu and Wei, Furu and Qin, Bing and Liu, Ting and Zhou, Ming},
  booktitle={Proceedings of the 8th International Workshop on Semantic Evaluation (SemEval 2014)},
  pages={208--212},
  year={2014}
}

@article{bahdanau2014neural,
  title={Neural machine translation by jointly learning to align and translate},
  author={Bahdanau, Dzmitry and Cho, Kyunghyun and Bengio, Yoshua},
  journal={arXiv preprint arXiv:1409.0473},
  year={2014}
}

@article{cho2014learning,
  title={Learning phrase representations using RNN encoder-decoder for statistical machine translation},
  author={Cho, Kyunghyun and Van Merri{\"e}nboer, Bart and Gulcehre, Caglar and Bahdanau, Dzmitry and Bougares, Fethi and Schwenk, Holger and Bengio, Yoshua},
  journal={arXiv preprint arXiv:1406.1078},
  year={2014}
}

@book{niesler1995variable,
  title={Variable-length category-based n-grams for language modelling},
  author={Niesler, TR and Woodland, PC},
  year={1995},
  publisher={University of Cambridge, Department of Engineering}
}

@inproceedings{niesler1996variable,
  title={A variable-length category-based n-gram language model},
  author={Niesler, Thomas R and Woodland, Philip C},
  booktitle={Acoustics, Speech, and Signal Processing, 1996. ICASSP-96. Conference Proceedings., 1996 IEEE International Conference on},
  volume={1},
  pages={164--167},
  year={1996},
  organization={IEEE}
}

@article{rosenfeld1996maximum,
  title={A maximum entropy approach to adaptive statistical language modeling},
  author={Rosenfeld, Roni},
  year={1996}
}

@inproceedings{rosenfeld1997whole,
  title={A whole sentence maximum entropy language model},
  author={Rosenfeld, Ronald},
  booktitle={Automatic Speech Recognition and Understanding, 1997. Proceedings., 1997 IEEE Workshop on},
  pages={230--237},
  year={1997},
  organization={IEEE}
}

@inproceedings{chelba1997structured,
  title={A structured language model},
  author={Chelba, Ciprian},
  booktitle={Proceedings of the 35th Annual Meeting of the Association for Computational Linguistics and Eighth Conference of the European Chapter of the Association for Computational Linguistics},
  pages={498--500},
  year={1997},
  organization={Association for Computational Linguistics}
}

@inproceedings{brants2007large,
  title={Large language models in machine translation},
  author={Brants, Thorsten and Popat, Ashok C and Xu, Peng and Och, Franz J and Dean, Jeffrey},
  booktitle={In Proceedings of the Joint Conference on Empirical Methods in Natural Language Processing and Computational Natural Language Learning},
  year={2007},
  organization={Citeseer}
}

@inproceedings{hinton1986learning,
  title={Learning distributed representations of concepts},
  author={Hinton, Geoffrey E},
  booktitle={Proceedings of the eighth annual conference of the cognitive science society},
  volume={1},
  pages={12},
  year={1986},
  organization={Amherst, MA}
}

@article{schwenk2007continuous,
  title={Continuous space language models},
  author={Schwenk, Holger},
  journal={Computer Speech \& Language},
  volume={21},
  number={3},
  pages={492--518},
  year={2007},
  publisher={Elsevier}
}

@inproceedings{morin2005hierarchical,
  title={Hierarchical Probabilistic Neural Network Language Model.},
  author={Morin, Frederic and Bengio, Yoshua},
  booktitle={Aistats},
  volume={5},
  pages={246--252},
  year={2005},
  organization={Citeseer}
}
@inproceedings{mnih2009scalable,
  title={A scalable hierarchical distributed language model},
  author={Mnih, Andriy and Hinton, Geoffrey E},
  booktitle={Advances in neural information processing systems},
  pages={1081--1088},
  year={2009}
}
@inproceedings{mikolov2011extensions,
  title={Extensions of recurrent neural network language model},
  author={Mikolov, Tom{\'a}{\v{s}} and Kombrink, Stefan and Burget, Luk{\'a}{\v{s}} and {\v{C}}ernock{\`y}, Jan Honza and Khudanpur, Sanjeev},
  booktitle={Acoustics, Speech and Signal Processing (ICASSP), 2011 IEEE International Conference on},
  pages={5528--5531},
  year={2011},
  organization={IEEE}
}
@article{gutmann2012noise,
  title={Noise-contrastive estimation of unnormalized statistical models, with applications to natural image statistics},
  author={Gutmann, Michael U and Hyv{\"a}rinen, Aapo},
  journal={The Journal of Machine Learning Research},
  volume={13},
  number={1},
  pages={307--361},
  year={2012},
  publisher={JMLR. org}
}

@article{mnih2012fast,
  title={A fast and simple algorithm for training neural probabilistic language models},
  author={Mnih, Andriy and Teh, Yee Whye},
  journal={arXiv preprint arXiv:1206.6426},
  year={2012}
}

@inproceedings{dos2014deep,
  title={Deep Convolutional Neural Networks for Sentiment Analysis of Short Texts.},
  author={dos Santos, C{\'\i}cero Nogueira and Gatti, Maira},
  booktitle={COLING},
  pages={69--78},
  year={2014}
}

@inproceedings{tang2014learning,
  title={Learning Sentiment-Specific Word Embedding for Twitter Sentiment Classification.},
  author={Tang, Duyu and Wei, Furu and Yang, Nan and Zhou, Ming and Liu, Ting and Qin, Bing},
  booktitle={ACL (1)},
  pages={1555--1565},
  year={2014}
}

@inproceedings{pennington2014glove,
  title={Glove: Global Vectors for Word Representation.},
  author={Pennington, Jeffrey and Socher, Richard and Manning, Christopher D},
  booktitle={EMNLP},
  volume={14},
  pages={1532--1543},
  year={2014}
}

@article{yogatama2014learning,
  title={Learning word representations with hierarchical sparse coding},
  author={Yogatama, Dani and Faruqui, Manaal and Dyer, Chris and Smith, Noah A},
  journal={arXiv preprint arXiv:1406.2035},
  year={2014}
}

@inproceedings{mnih2013learning,
  title={Learning word embeddings efficiently with noise-contrastive estimation},
  author={Mnih, Andriy and Kavukcuoglu, Koray},
  booktitle={Advances in Neural Information Processing Systems},
  pages={2265--2273},
  year={2013}
}

@inproceedings{kiros2014multiplicative,
  title={A multiplicative model for learning distributed text-based attribute representations},
  author={Kiros, Ryan and Zemel, Richard and Salakhutdinov, Ruslan R},
  booktitle={Advances in Neural Information Processing Systems},
  pages={2348--2356},
  year={2014}
}

@article{kalchbrenner2014convolutional,
  title={A convolutional neural network for modelling sentences},
  author={Kalchbrenner, Nal and Grefenstette, Edward and Blunsom, Phil},
  journal={arXiv preprint arXiv:1404.2188},
  year={2014}
}

@inproceedings{reisinger2010multi,
  title={Multi-prototype vector-space models of word meaning},
  author={Reisinger, Joseph and Mooney, Raymond J},
  booktitle={Human Language Technologies: The 2010 Annual Conference of the North American Chapter of the Association for Computational Linguistics},
  pages={109--117},
  year={2010},
  organization={Association for Computational Linguistics}
}

@inproceedings{tang2015line,
  title={Line: Large-scale information network embedding},
  author={Tang, Jian and Qu, Meng and Wang, Mingzhe and Zhang, Ming and Yan, Jun and Mei, Qiaozhu},
  booktitle={Proceedings of the 24th International Conference on World Wide Web},
  pages={1067--1077},
  year={2015},
  organization={International World Wide Web Conferences Steering Committee}
}

@inproceedings{qiu2014co,
  title={Co-learning of Word Representations and Morpheme Representations.},
  author={Qiu, Siyu and Cui, Qing and Bian, Jiang and Gao, Bin and Liu, Tie-Yan},
  booktitle={COLING},
  pages={141--150},
  year={2014}
}

@article{van2008visualizing,
  title={Visualizing data using t-SNE},
  author={Van der Maaten, Laurens and Hinton, Geoffrey},
  journal={Journal of Machine Learning Research},
  volume={9},
  number={2579-2605},
  pages={85},
  year={2008}
}

@inproceedings{liu2015topical,
  title={Topical Word Embeddings.},
  author={Liu, Yang and Liu, Zhiyuan and Chua, Tat-Seng and Sun, Maosong},
  booktitle={AAAI},
  pages={2418--2424},
  year={2015}
}

@article{andrieu2003introduction,
  title={An introduction to MCMC for machine learning},
  author={Andrieu, Christophe and De Freitas, Nando and Doucet, Arnaud and Jordan, Michael I},
  journal={Machine learning},
  volume={50},
  number={1-2},
  pages={5--43},
  year={2003},
  publisher={Springer}
}

@article{jordan1999introduction,
  title={An introduction to variational methods for graphical models},
  author={Jordan, Michael I and Ghahramani, Zoubin and Jaakkola, Tommi S and Saul, Lawrence K},
  journal={Machine learning},
  volume={37},
  number={2},
  pages={183--233},
  year={1999},
  publisher={Springer}
}
@article{wolfinger1993laplace,
  title={Laplace's approximation for nonlinear mixed models},
  author={Wolfinger, Russ},
  journal={Biometrika},
  volume={80},
  number={4},
  pages={791--795},
  year={1993},
  publisher={Biometrika Trust}
}
@article{wainwright2008graphical,
  title={Graphical models, exponential families, and variational inference},
  author={Wainwright, Martin J and Jordan, Michael I},
  journal={Foundations and Trends{\textregistered} in Machine Learning},
  volume={1},
  number={1-2},
  pages={1--305},
  year={2008},
  publisher={Now Publishers Inc.}
}

@article{griffiths2004finding,
  title={Finding scientific topics},
  author={Griffiths, Thomas L and Steyvers, Mark},
  journal={Proceedings of the National Academy of Sciences},
  volume={101},
  number={suppl 1},
  pages={5228--5235},
  year={2004},
  publisher={National Acad Sciences}
}

@inproceedings{turian2010word,
  title={Word representations: a simple and general method for semi-supervised learning},
  author={Turian, Joseph and Ratinov, Lev and Bengio, Yoshua},
  booktitle={Proceedings of the 48th annual meeting of the association for computational linguistics},
  pages={384--394},
  year={2010},
  organization={Association for Computational Linguistics}
}

@article{huang2015bidirectional,
  title={Bidirectional LSTM-CRF models for sequence tagging},
  author={Huang, Zhiheng and Xu, Wei and Yu, Kai},
  journal={arXiv preprint arXiv:1508.01991},
  year={2015}
}

@inproceedings{bordes2013translating,
  title={Translating embeddings for modeling multi-relational data},
  author={Bordes, Antoine and Usunier, Nicolas and Garcia-Duran, Alberto and Weston, Jason and Yakhnenko, Oksana},
  booktitle={Advances in Neural Information Processing Systems},
  pages={2787--2795},
  year={2013}
}

@inproceedings{socher2013reasoning,
  title={Reasoning with neural tensor networks for knowledge base completion},
  author={Socher, Richard and Chen, Danqi and Manning, Christopher D and Ng, Andrew},
  booktitle={Advances in Neural Information Processing Systems},
  pages={926--934},
  year={2013}
}

@inproceedings{pantel2005inducing,
  title={Inducing ontological co-occurrence vectors},
  author={Pantel, Patrick},
  booktitle={Proceedings of the 43rd Annual Meeting on Association for Computational Linguistics},
  pages={125--132},
  year={2005},
  organization={Association for Computational Linguistics}
}

@article{rajaraman2008more,
  title={More data usually beats better algorithms},
  author={Rajaraman, Anand},
  journal={Datawocky Blog},
  year={2008}
}

@article{box1976science,
  title={Science and statistics},
  author={Box, George EP},
  journal={Journal of the American Statistical Association},
  volume={71},
  number={356},
  pages={791--799},
  year={1976},
  publisher={Taylor \& Francis}
}

@inproceedings{newman2010automatic,
  title={Automatic evaluation of topic coherence},
  author={Newman, David and Lau, Jey Han and Grieser, Karl and Baldwin, Timothy},
  booktitle={Human Language Technologies: The 2010 Annual Conference of the North American Chapter of the Association for Computational Linguistics},
  pages={100--108},
  year={2010},
  organization={Association for Computational Linguistics}
}

@inproceedings{newman2010evaluating,
  title={Evaluating topic models for digital libraries},
  author={Newman, David and Noh, Youn and Talley, Edmund and Karimi, Sarvnaz and Baldwin, Timothy},
  booktitle={Proceedings of the 10th annual joint conference on Digital libraries},
  pages={215--224},
  year={2010},
  organization={ACM}
}

@article{lund1996producing,
  title={Producing high-dimensional semantic spaces from lexical co-occurrence},
  author={Lund, Kevin and Burgess, Curt},
  journal={Behavior Research Methods, Instruments, \& Computers},
  volume={28},
  number={2},
  pages={203--208},
  year={1996},
  publisher={Springer}
}

@article{wang2016towards,
  title={Towards Bayesian Deep Learning: A Survey},
  author={Hao, Wang and Dit-Yan, Yeung},
  journal={arXiv preprint arXiv:1604.01662},
  year={2016}
}

@article{niu2015topic2vec,
  title={Topic2Vec: Learning Distributed Representations of Topics},
  author={Niu, Li-Qiang and Dai, Xin-Yu},
  journal={arXiv preprint arXiv:1506.08422},
  year={2015}
}

@inproceedings{niu2015unified,
  title={A Unified Framework for Jointly Learning Distributed Representations of Word and Attributes},
  author={Niu, Liqiang and Dai, Xin-Yu and Huang, Shujian and Chen, Jiajun},
  booktitle={Proceedings of The 7th Asian Conference on Machine Learning},
  pages={143--156},
  year={2015}
}



